@BOOK{usingz,
  AUTHOR       = {Jim~Woodcock and Jim~Davies},
  TITLE        = {{Using Z: Specification, Refinement, and Proof}},
  YEAR         = {1996},
  PUBLISHER    = {Prentice Hall},
  annote       = {Main book on Z description and refinement.}
}

@BOOK{zrm,
  AUTHOR       = {J.~M.~Spivey},
  TITLE        = {{The Z Notation: A Reference Manual}},
  YEAR         = {1998},
  PUBLISHER    = {Prentice Hall},
  annote       = {Standard Z notation and mathematical toolkit}
}

@MISC{czt,
  author       = {Mark~Utting and Petra~Malik and Leo~Freitas and Tim~Miller and Ian~Toyn and others},
  title        = {{Community Z Tools (CZT)}},
  year         = {2003},
  howpublished = {\texttt{http://czt.sourceforge.net}}
}

@book{isoz,
  title = "Information Technology:~{Z} Formal Specification Notation---Syntax, Type System and Semantics",
  author = "{ISO/IEC 13568}",
  publisher = "ISO/IEC",
  edition = "First",
  year = "2002"
}

@INPROCEEDINGS{circussem,
  AUTHOR = {J.~C.~P.~Woodcock and A.~L.~C.~Cavalcanti},
  TITLE = {{The Semantics of \textsl{Circus}}},
  BOOKTITLE = {{ZB 2002:~Formal Specification and Development in Z and B}},
  YEAR = {2002},
  EDITOR = {D.~Bert and J.~P.~Bowen and M.~C.~Henson and K.~Robinson},
  VOLUME = {2272},
  SERIES = {LNCS},
  PAGES = {184--203},
  PUBLISHER = {Springer},
  annote       = {Detailed description of the semantics of {\Circus\ }on UTP described as Z specification.
                  This document formally explains the semantics of the language in terms of a meta-specification in Z.
                  It is the best place to look at how the operators formally works and how the healthyness conditions and
                  similarities of UTP and {\Circus\ }actually get implemented in Z. It is directly related with the syntax and
                  operators description given in~\cite{circus.sem:intro}.}
}

@BOOK{latexcomp,
  AUTHOR       = {Frank~Mittelbach and Michael~Goossens and others},
  TITLE        = {{The \LaTeX{} Companion:~tools and techniques for computer typesetting}},
  YEAR         = {2004},
  PUBLISHER    = {Addison Wesley},
  edition      = {$2^{\mbox{nd}}$}
}

@MISC{unicode,
  key          = {unistd},
  title        = {{Unicode 5.1 Standard Charts}},
  year         = {2007},
  howpublished = {\texttt{http://www.unicode.org/charts}}
}
