@misc{CADiZ,
  title = "{CADiZ}",
  author = "I. Toyn",
  year = "2001",
  howpublished = "http://www-users.cs.york.ac.uk/\textasciitilde ian/cadiz/",
}

@misc{Dong01,
  title = "An {XML} {Schema} for {Z} family",
  author = "J. Sun and J.S. Dong and J. Liu and H. Wang",
  year = "2001",
  howpublished = "http://nt-appn.comp.nus.edu.sg/fm/zml/zml.xsd",
}

@book{ISO10646-1,
  title = "Information Technology---Universal Multiple-Octet Coded Character Set (UCS)---Part 1: Architecture and Basic Multilingual Plane",
  author = "ISO/IEC 10646-1",
  year = "2000",
}

@book{ISO10646-2,
  title = "Information Technology---Universal Multiple-Octet Coded Character Set (UCS)---Part 2: Supplementary Planes",
  author = "ISO/IEC 10646-2",
  year = "To be published",
}

@book{ISO13568,
  title = "Information Technology---{Z} Formal Specification Notation---Syntax, Type System and Semantics",
  author = "ISO/IEC 13568",
  year = "2001",
}

@misc{Wordsworth99,
  title = "An {XML} {DTD} for {Z}",
  author = "J. Wordsworth",
  year = "1999",
  month = "October",
}

@book{XML,
  title = "{XML} in a Nutshell",
  author = "E.R. Harold and W.S. Means",
  publisher = "O'Reilly",
  year = "2001",
}

@misc{Zeta,
  title = "{ZETA}",
  author = "W. Grieskamp",
  year = "2000",
  howpublished = "http://uebb.cs.tu-berlin.de/zeta",
}

@book{spivey:z-notation2,
  author =	"J. Michael Spivey",
  title =	"The Z Notation: A Reference Manual",
  publisher =	"Prentice-Hall International (UK) Ltd",
  series =	"International Series in Computer Science",
  edition = 	"Second",
  year =	"1992"
}
