@inproceedings{chen94,
  Author = {Chen, J.},
  Title = {Class Types as Sets of Classes in Object-Oriented Formal Specification Languages},
  Booktitle = {Technology of Object-Oriented Languages and Systems},
  Publisher = {Prentice Hall, Australia},
  Pages = {205--215},
  Year = {1994},
}

@book{isoz,
  title = "Information Technology---{Z} Formal Specification Notation---Syntax, Type System and Semantics",
  author = "{ISO/IEC 13568}",
  publisher = "ISO/IEC",
  note = "First Edition 2002-07-01",
  year = "2002"
}

@book{spivey92,
 author = "J. Michael Spivey",
 title = "The {Z} Notation: A Reference Manual",
 publisher =  "Prentice-Hall International (UK) Ltd",
 series = "International Series in Computer Science",
 edition = "Second",
 year = "1992"
}

@book{smith00,
  author = {Graeme Smith},
  title = {The Object-{Z} Specification Language},
  publisher = {Kluwer Academic Publishers},
  series = {Advances in Formal Methods},
  year = {2000}
}

@techreport{johnston96,
  author = {Johnston, W.},
  title = {A Type Checker for {Object-Z}},
  type = {Technical Report},
  institution = {Software Verification Research Centre},
  number = {96--24}, 
  year = {1996}
}

@techreport{griffiths94,
  author = {Griffiths, A. and Rose, G.},
  title = {A Semantic Foundation for Object Identity in Formal Specification}},
  type = {Technical Report},
  institution = {Software Verification Research Centre},
  number = {94--21}, 
  year = {1996}
}

@inproceedings{toyn00,
  author = {Toyn, I. and Valentine, S.H. and Stepney, S. and King, S.},
  title = {Typechecking {Z}},
  booktitle = {ZB2000: First International Conference of B and Z Users,
               York, UK, August 2000},
  editor = {J. P. Bowen and S. Dunne and A. Galloway and S. King},
  series = {LNCS},
  volume = 1878,
  publisher = {Springer},
  pages = {264--285},
  year = 2000,
}

@inproceedings{graver90,
  author = {J. Graver and R. Johnson},
  title = {A type system for {Smalltalk}},
  booktitle = {In Seventeenth Symposium on Principles of Programming Languages},
  pages = {136--150},
  publisher = {ACM Press},
 year = {1990},
}

@book{goldberg83,
  author = {Goldberg, A. and Robson, D.},
  title = {{Smalltalk-80}: The Language and its Implementation},
  publisher = {Addison-Wesley, Reading, Massachusetts},
  year = {1983},
}

@inproceedings{dong93,
  author = {Dong, J.S. and Duke, R.},
  title = {Class Union and Polymorphism},
  booktitle = {Proceedings of the 12th International Conference on Technology of Object-Oriented Languages and Systems},
  pages = {181--190},
  publisher = {Prentice-Hall},
  year = {1993},
}
 
@inproceedings{spivey90,
 author = {Spivey, J. M. and Sufrin, B.A."},
 title = {Type Inference in {Z}},
 booktitle = {VDM '90, VDM and Z --- Formal Methods in Software Development,
               Third International Symposium of VDM Europe},
 publisher = {Springer},
 series = {Lecture Notes in Computer Science},
 volume = {428},
 pages = {426--451},
 year = {1990},
}
