Conference Papers
-----------------

@InProceedings{FreFuWoo07,
  author = {Leo Freitas and Zheng Fu and Jim Woodcock},
  title = {{POSIX} file store in {Z/EVES}: an experiment in the verified
                  software repository},
  booktitle = {ICECCS '07: Proceedings of the 12th IEEE International
                  Conference on Engineering Complex Computer Systems},
  year = {2007},
  isbn = {0-7695-2895-3},
  pages = {3--14},
  doi = {http://dx.doi.org/10.1109/ICECCS.2007.36},
  publisher = {IEEE Computer Society}
 }

@InProceedings{utting:jaza,
  author = {Mark Utting},
  title = {Data Structures for {Z} Testing Tools},
  booktitle = {FM-TOOLS 2000, 4th Workshop on Tools for System
                  Design and Verification}, 
  year = {2000},
  editor = {G. Schellhorn and W. Reif},
  volume = {2000-07},
  month = may,
  publisher = {Ulmer Informatik Berichte},
}

Journal Articles
----------------

@Article{JosHol07,
  author = {Rajeev Joshi and Gerard J. Holzmann},
  title = {A mini challenge: build a verifiable filesystem},
  journal = {Formal Aspects of Computing},
  volume = {19},
  number = {2},
  year = {2007},
  issn = {0934-5043},
  pages = {269--272},
  doi = {http://dx.doi.org/10.1007/s00165-006-0022-3},
  publisher = {Springer-Verlag},
  address = {London, UK},
}

@Article{BicHoaWoo06,
  author = {J. C. Bicarregui and C. A. R. Hoare and J. C. P. Woodcock},
  title = {The verified software repository: a step towards the
                  verifying compiler},
  journal = {Formal Aspects of Computing},
  volume = {18},
  number = {2},
  year = {2006},
  pages = {143--151},
  doi = {http://dx.doi.org/10.1007/s00165-005-0079-4},
  publisher = {Springer-Verlag},
  address = {London, UK},
}

@Article{Hoa03,
  author = {Tony Hoare},
  title = {The verifying compiler: A grand challenge for computing research},
  journal = {Journal of the ACM},
  volume = {50},
  number = {1},
  year = {2003},
  issn = {0004-5411},
  pages = {63--69},
  doi = {http://doi.acm.org/10.1145/602382.602403},
  publisher = {ACM},
  address = {New York, NY, USA},
}

Other
-----

@InCollection{MorSuf87,
  author = {Carroll Morgan and Bernard Sufrin},
  title = {Specification of the {UNIX} Filing System},
  editor = {Ian Hayes},
  booktitle = {Specification Case Studies},
  publisher = {Prentice-Hall},
  year = {1987},
}


@Article{MorSufTOSE84,
  author = {Carroll Morgan and Bernard Sufrin},
  title = {Specification of the {UNIX} Filing System},
  journal = 	 {IEEE Transactions on Software Engineering},
  year = 	 {1984},
  OPTkey = 	 {},
  OPTvolume = 	 {SE-10},
  OPTnumber = 	 {2},
  OPTpages = 	 {128-142},
  OPTannote = 	 {}
}

@PHDTHESIS{Stocks93,
  author = {P. Stocks},
  title = {Applying Formal Methods to Software Testing},
  type = {{PhD thesis}},
  school = {The University of Queensland},
  year = 1993,
  note = {Available from \url{http://www.bond.edu.au/it/staff/publications/PhilS-pubs.htm}}
}

@INPROCEEDINGS{carrington94,
  AUTHOR = {D. A. Carrington and P. Stocks},
  TITLE = {{A tale of two paradigms: formal methods and software testing}},
  BOOKTITLE = {Proceedings of the 8$^{th}$ {Z} User Meeting {(ZUM'94)}},
  YEAR = 1994,
  PAGES = {51-68},
  ADDRESS = {Cambridge},
  MONTH = {June},
  publisher = {Springer Verlag}
}

@Article{hierons97,
    author = {R. Hierons},
    title = {{Testing from a {Z} specification}},
    journal =  {Software Testing, Verification \& Reliability},
    year = {1997},
    volume = {7},
    pages = {19-33},
    publisher = {Wiley-InterScience}
}

@misc{CZT,
  title = {Community Z Tools},
  key = {CZT},
  howpublished = {\url{http://czt.sourceforge.net}},
  date = {Accessed March 2008}
}

@InProceedings{kazmierczak:animation98,
  author = 	 {Ed. Kazmierczak and Michael Winikoff and Philip Dart},
  title = 	 {Verifying Model Oriented Specifications through
                  Animation},
  booktitle =	 {Proceedings of the 5th Asia-Pacific Software Engineering
                  Conference},
  pages =	 {254-261},
  year =	 1998,
  month =	 dec,
  publisher =	 {IEEE Computer Society Press},
  annote =	 {Outlines the Pipedream approach to exploring Z
                  specifications through animation, and illustrates the
                  range of analyses that can be performed.  Uses the DMS as
                  an example.}
}

@TechReport{winikoff:modes-subtypes98,
  author = 	 {Michael Winikoff},
  title = 	 {Analysing Modes and Subtypes in {Z} Specifications},
  institution =  {Melbourne University},
  year = 	 1998,
  number =	 {98/2},
  annote =	 {Describes a mode system for Z that was used to translate
                  Z to Mercury.  It is also the basis for the ZLive
                  animator in the CZT project.}
}

@InProceedings{utting:rules07,
  author = 	 {Mark Utting and Petra Malik},
  title = 	 {Transforming {Z} with Rules},
  booktitle =	 {ZUM07 at ICECCS07 in conjunction with FMinNZ07},
  year =	 2007,
  note =	 {Auckland, July 2007}
}
